

@book{hoepken2001gewaltfreiheit,
  title={Gewaltfreiheit und Dialog: die Erziehungskonzeption Paulo Freires und Mahatma Gandhis},
  author={H{\"o}pken, S.},
  isbn={9783934129139},
  lccn={2002550082},
  series={P{\"a}dagogische Reihe},
  year={2001},
  publisher={Verlag Dialogische Erziehung}
}


@book{dietrich2008martin,
  title={Martin Luther King},
  author={Dietrich, T.},
  isbn={9783825230234},
  series={Profile (UTB)},
  year={2008},
  publisher={UTB GmbH}
}


@book{zitelmann2003keiner,
  title={"Keiner dreht mich um": die Lebensgeschichte des Martin Luther King},
  author={Zitelmann, A.},
  isbn={9783407789013},
  series={Gulliver-Taschenbuch},
  year={2003},
  publisher={Beltz \& Gelberg}
}


@book{gandhi1930,
  title={Mein Leben},
  author={Gandhi, M.},
  year={1930},
  publisher={Insel-Verlag}
}

@book{hungerbühler1983pioniere,
  title={Pioniere f{\"u}r den Frieden},
  author={Hungerb{\"u}hler, E. and Jany, W. and Tews, L.},
  isbn={9783800031887},
  year={1983},
  publisher={Ueberreuter}
}

@book{schoolscout2001,
  title={Mahatma Gandhi},
  url={http://www4.onleihe.de/lb/frontend/mediaInfo,0-0-34980596-100-0-0-0-0-0-0-0.html},
  year={2001},
  publisher={School Scout}
}

@book{rothermund2003gandhi,
  title={Gandhi: der gewaltlose Revolution{\"a}r},
  author={Rothermund, D.},
  isbn={9783406480225},
  series={Beck Reihe},
  year={2003},
  publisher={Beck}
}

@misc{friedenFragen2014, 
    publisher = {Berghof Foundation / Friedenspädagogik Tübingen},
    title = {Mahatma Gandhi (1869-1948)},  
    year = {2014},
    url = {http://www.frieden-fragen.de/friedensmacher_weltweit/mahatma_gandhi_indien_gewaltfreie_aktion.html},
    note = {accessed December 10, 2014}
}


@misc{worldAffairs2014, 
    publisher = {world-affairs.org},
    title = {Gandhi – Savior of Harijans},  
    url = {https://www.world-affairs.org/wp-content/uploads/2012/03/3rd-5th_firstplace_karthikmeiyappan.pdf},
    note = {accessed December 12, 2014}
}

@misc{agora2014, 
    publisher = {agora-wissen - Stuttgarter Gesellschaft für Wissensvermittlung über neue Medien und politische Bildung (GbR)},
    title = {Leben und Wirken Gandhis},  
    year = {2014},
    url = {http://www.dadalos-d.org/deutsch/vorbilder/vorbilder/gandhi/leben.htm#9},
    note = {accessed December 12, 2014}
}

@misc{britannica2014, 
    publisher = {Encyclopædia Britannica},
    title = {Indian National Congress},  
    author = {The Editors of The Encyclopædia Britannica},
    year = {2014},
    url = {http://www.britannica.com/EBchecked/topic/285841/Indian-National-Congress},
    note = {accessed December 13, 2014}
}

@inproceedings{dharampal2010,
  author       = {Dharampal-Frick, G.and Ludwig, M.},
  title        = {Die Kolonialisierung Indiens und der Weg in die Unabhängigkeit},
  date         = 2010,
  booktitle    = {Der Bürger im Staat},
  publisher    = {Südasien-Institut der Universität Heidelberg},
  location     = {Heidelberg},
  pages        = {148-156},
  url			=  {http://archiv.ub.uni-heidelberg.de/savifadok/volltexte/2010/1162}
}

@misc{konradin2014, 
    publisher = {Konradin Medien GmbH},
    title = {Indischer Nationalkongress},  
    year = {2014},
    url = {http://www.wissen.de/lexikon/indischer-nationalkongress},
    note = {accessed December 12, 2014}
}

@misc{feiler2004, 
    author = {Feiler, A.},
    title = {Gandhi und sein Weg der gewaltfreien Konfliktlösung},  
    year = {2004},
    url = {http://sammelpunkt.philo.at:8080/1092/1/se0405freiler.pdf},
    note = {accessed December 16, 2014}
}

@misc{santhanam, 
    author = {Santhanam, K.},
    title = {Basic Principles Of Gandhism},  
    url = {http://www.mkgandhi.org/g_relevance/chap26.htm},
    note = {accessed December 16, 2014}
}

@misc{gandhiserve, 
    title = {Das Leben und Wirken von Mahatma Gandhi},  
    url = {http://www.gandhiserve.org/gss/lebenundwirken.html},
    note = {accessed December 15, 2014}
}

@book{manheimer2005martin,
  title={Martin Luther King Jr: Dreaming of Equality},
  author={Manheimer, A.S.},
  isbn={9781575056272},
  lccn={2004002155},
  series={Trailblazer biography},
  year={2005},
  publisher={Carolrhoda Books}
}

@misc{13amendment, 
    publisher = {Cornell University Law School},
    title = {13th Amendment},  
    url = {http://www.law.cornell.edu/constitution/amendmentxiii},
    note = {accessed December 20, 2014}
}

@book{dietrich2008martin,
  title={Martin Luther King},
  author={Dietrich, T.},
  isbn={9783825230234},
  series={Profile (UTB)},
  year={2008},
  publisher={UTB GmbH}
}

@book{tischauser2012jim,
  title={Jim Crow Laws},
  author={Tischauser, L.V.},
  isbn={9780313386091},
  lccn={2012007814},
  series={Landmarks of the American Mosaic},
  year={2012},
  publisher={ABC-CLIO}
}

@misc{aboutKing, 
    publisher = {The King Center},
    title = {About Dr. King},  
    url = {http://www.thekingcenter.org/about-dr-king},
    note = {accessed December 19, 2014}
}

@misc{konradinKing2014, 
    publisher = {Konradin Medien GmbH},
    title = {Martin Luther King},  
    year = {2014},
    url = {http://www.wissen.de/martin-luther-king},
    note = {accessed December 19, 2014}
}

@misc{blakely2001, 
    publisher = {Peace Magazine},
    author = {Blakely, G.},
    title = {The Formative Influences on Dr. Martin Luther King, Jr.},  
    year = {2001},
    url = {http://peacemagazine.org/archive/v17n2p21.htm},
    note = {accessed December 19, 2014}
}

@book{sunnemark2003ring,
  title={Ring Out Freedom!: The Voice of Martin Luther King, Jr. and the Making of the Civil Rights Movement},
  author={Sunnemark, F.},
  isbn={9780253110817},
  series={Ring Out Freedom!},
  year={2003},
  publisher={Indiana University Press}
}

@misc{gandhiInfoZentrum2014, 
    publisher = {Gandhi-Informations-Zentrum e.V},
    title = {Martin Luther King "I have a dream" - Gedanken zur Gewaltfreiheit -},  
    year = {2014},
    url = {http://www.nonviolent-resistance.info/exhibitions/ger/king/pg08.htm},
    note = {accessed December 21, 2014}
}

@misc{kingDreamSpeech, 
    publisher = {American Rhetoric - Top 100 American Speeches},
    title = {Martin Luther King, Jr. - I Have a Dream},  
    url = {http://www.americanrhetoric.com/speeches/mlkihaveadream.htm#sthash.dJDIKyEu.dpuf},
    note = {accessed December 22, 2014}
}

% Quotes
@misc{brainyquoteGandhiLoveLife, 
    publisher = {Xplore Inc},
    title = {Mahatma Gandhi},  
    author = {BrainyQuote.com},
    year = {2014},
    url = {http://www.brainyquote.com/quotes/quotes/m/mahatmagan100717.html},
    note = {accessed December 8, 2014}
}

@misc{brainyquoteGandhiNonViolance, 
    publisher = {Xplore Inc},
    title = {Mahatma Gandhi},  
    author = {BrainyQuote.com},
    year = {2014},
    url = {http://www.brainyquote.com/quotes/quotes/m/mahatmagan166284.html},
    note = {accessed December 8, 2014}
}

@misc{brainyquoteGandhiChangeWorld, 
    publisher = {Xplore Inc},
    title = {Mahatma Gandhi},  
    author = {BrainyQuote.com},
    year = {2014},
    url = {http://www.brainyquote.com/quotes/quotes/m/mahatmagan109075.html},
    note = {accessed December 15, 2014}
}